@book{Morris2008,
    title = {{1948 A History od the First Arab-Israeli War}},
    year = {2008},
    author = {Morris, Benny},
    publisher = {Yale University Press},
    isbn = {9780300126969}
}

@article{Cikajlo2009,
    title = {{Advantages of Virtual Reality Technology in Rehabilitation of People with Neuromuscular Disorders}},
    year = {2009},
    journal = {Recent Advances in Biomedical Engineering},
    author = {Cikajlo, Imre and Matjai, Zlatko},
    doi = {10.5772/7473}
}

@book{DMello2011,
    title = {{Affective computing and intelligent interaction: 4th international conference, ACII 2011 Memphis, TN, USA, october 9-12, 2011 proceedings, Part II}},
    year = {2011},
    booktitle = {Lecture Notes in Computer Science (including subseries Lecture Notes in Artificial Intelligence and Lecture Notes in Bioinformatics)},
    author = {D’Mello, Sidney and Graesser, Arthur and Schuller, Björn and Martin, Jean Claude},
    volume = {6975},
    isbn = {9783642245701},
    doi = {10.1007/978-3-642-24571-8},
    issn = {16113349}
}

@book{Khalidi2015,
    title = {{All that remains : the Palestinian villages occupied and depopulated by Israel in 1948}},
    year = {1992},
    author = {Khalidi, Walid},
    publisher = {Institute for Palestine Studies},
    address = {Washington, D.C.},
    isbn = {9780887283062 0887283063},
    language = {English}
}

@book{Steinicke2016,
    title = {{Being Really Virtual}},
    year = {2016},
    booktitle = {Being Really Virtual},
    author = {Steinicke, Frank},
    publisher = {Springer Nature},
    isbn = {9783319430768},
    doi = {10.1007/978-3-319-43078-2}
}

@article{DigitalCamera2018,
    title = {{best-360-cameras}},
    year = {2018},
    journal = {digitalcameraworld.com},
    author = {Digital Camera, Buying Guide},
    url = {https://www.digitalcameraworld.com/buying-guides/best-360-cameras}
}

@article{Griffiths2018,
    title = {{Biopolitics and checkpoint 300 in occupied Palestine: Bodies, affect, discipline}},
    year = {2018},
    journal = {Political Geography},
    author = {Griffiths, Mark and Repo, Jemima},
    number = {April},
    pages = {17--25},
    volume = {65},
    doi = {10.1016/j.polgeo.2018.04.004},
    issn = {09626298},
    keywords = {Biopolitics, Checkpoint, Israel, Palestine, Security, Sexual division of labour}
}

@misc{Shezaf2019,
    title = {{Burying the Nakba: How Israel systematically hides evidence of 1948 expulsion of Arabs - Israel News - Haaretz.com}},
    year = {2019},
    booktitle = {Haaretz.com},
    author = {Shezaf, Hagar},
    month = {7},
    url = {https://www.haaretz.com/israel-news/.premium.MAGAZINE-how-israel-systematically-hides-evidence-of-1948-expulsion-of-arabs-1.7435103?fbclid=IwAR2mbxibpApmyilkQ__eegnDftNv8cTmowl_LB_ryxQ53GFw-6aqQcW3a6Y}
}

@article{Rich2001,
    title = {{COLLAGEN: Applying collaborative discourse theory to human-computer interaction}},
    year = {2001},
    journal = {AI Magazine},
    author = {Rich, Charles and Sidner, Candace L. and Lesh, Neal},
    number = {4},
    pages = {15--25},
    volume = {22},
    doi = {10.1609/aimag.v22i4.1589},
    issn = {0738-4602},
    keywords = {computer science, human computer interaction, intelligent user interface, interactive systems engineering, interactivity, multimedia, post wimp, user interface}
}

@book{Fenby2018,
    title = {{Crucible: Thirteen Months that Forged Our World}},
    year = {2018},
    author = {Fenby, Jonathan},
    pages = {596},
    publisher = {Simon and Schuster},
    isbn = {9781471155017}
}

@book{Supported2015,
    title = {{Designing Socially Embedded Technologies in the Real-World}},
    year = {2015},
    author = {Supported, Computer and Work, Cooperative},
    url = {http://link.springer.com/10.1007/978-1-4471-6720-4},
    isbn = {978-1-4471-6719-8},
    doi = {10.1007/978-1-4471-6720-4}
}

@book{Graner2018,
    title = {{ECHOES OF OTHER WORLDS Palgrave Studies in Sound}},
    year = {2018},
    editor = {Graner, Tom},
    pages = {377},
    publisher = {Springer Nature},
    address = {Portsmouth, UK},
    isbn = {9783319657073}
}

@article{Hu2016,
    title = {{Effects of virtual reality integrated creative thinking instruction on students' creative thinking abilities}},
    year = {2016},
    journal = {Eurasia Journal of Mathematics, Science and Technology Education},
    author = {Hu, Ridong and Wu, Yi Yong and Shieh, Chich Jen},
    number = {3},
    pages = {477--486},
    volume = {12},
    doi = {10.12973/eurasia.2016.1226a},
    issn = {13058223},
    keywords = {Brainstorming, Creative thinking ability, Creative thinking instruction, Fluency, Sensitivity, Virtual reality}
}

@article{Wulf2011,
    title = {{Engaging with Practices: Design Case Studies as a Research Framework in CSCW}},
    year = {2011},
    journal = {Proc. ACM Conf. on Computer-supported Cooperative Work},
    author = {Wulf, Volker and Rohde, Markus},
    pages = {505--512},
    isbn = {9781450305563},
    doi = {10.1145/1958824.1958902},
    keywords = {Practice-based computing, design case study, research framework, research program}
}

@article{Pantelidis2010,
    title = {{Evaluation of the performance of carbon supported Pt-Ru-Ni-P as anode catalyst formethanol electrooxidation}},
    year = {2010},
    journal = {Fuel Cells},
    author = {Shao, A. F. and Wang, Z. B. and Chu, Y. Y. and Jiang, Z. Z. and Yin, G. P. and Liu, Y.},
    number = {3},
    pages = {472--477},
    volume = {10},
    doi = {10.1002/fuce.200900170},
    issn = {16156846},
    keywords = {Anode catalyst, Direct methanol fuel cell, Methanol electrooxidation, Pt-Ru-Ni-P/C catalyst}
}

@article{Christmann2016,
    title = {{Expert Interviews on the Telephone: A Difficult Undertaking}},
    year = {2009},
    journal = {Interviewing Experts},
    author = {Christmann, Gabriela B.},
    pages = {157--183},
    doi = {10.1057/9780230244276{\_}8}
}

@book{Waterworth2014,
    title = {{Feeling Present in the Physical World and in Computer-Mediated Environments}},
    year = {2014},
    author = {Waterworth, John and Riva, Giuseppe},
    pages = {2--6},
    publisher = {Palgrave Macmillan},
    isbn = {9781137431677},
    doi = {10.1057/9781137431677.0001}
}

@article{Wulf2013,
    title = {{Fighting against the wall: social media use by political activists in a Palestinian village}},
    year = {2013},
    journal = {Proceedings of the 2013 ACM annual conference on Human factors in computing systems},
    author = {Wulf, Volker and Aal, Konstantin and Abu Kteish, Ibrahim and Atam, Meryem and Schubert, Kai and Rohde, Markus and Yerousis, George P and Randall, David},
    pages = {1979--1988},
    isbn = {9781450318990}
}

@article{Easton2018,
    title = {{GoPro Fusion Review}},
    year = {2018},
    journal = {Trustedreviews.Com},
    author = {Easton, Richard},
    url = {https://www.trustedreviews.com/reviews/gopro-fusion}
}

@book{Rubin1994,
    title = {{Handbook of Usability Testing, 1994}},
    year = {1994},
    author = {Rubin, Jeff and Chisnell, Dana},
    url = {http://scholar.google.com/scholar?hl=en&btnG=Search&q=intitle:Handbook+of+Usability+Testing#3},
    isbn = {9780470185483}
}

@article{Griffiths2017,
    title = {{Hope in Hebron: The Political Affects of Activism in a Strangled City}},
    year = {2017},
    journal = {Antipode},
    author = {Griffiths, Mark},
    number = {3},
    pages = {617--635},
    volume = {49},
    doi = {10.1111/anti.12301},
    issn = {14678330},
    keywords = {Hebron, Palestine, affect, hope, political agency, resistance}
}

@book{Grob-Fitzgibbon2011,
    title = {{Imperial Endgame: Britain's Dirty Wars and the End of Empire}},
    year = {2011},
    author = {Grob-Fitzgibbon, Benjamin},
    pages = {502},
    publisher = {Palgrave Macmillan},
    address = {Hampshire, UK},
    isbn = {9780230248731}
}

@article{Horst2006,
    title = {{In "virtual dialogue" with the Somali community: The value of electronic media for research amongst refugee diasporas}},
    year = {2006},
    journal = {Refuge},
    author = {Horst, Cindy},
    number = {1},
    pages = {51--57},
    volume = {23},
    issn = {02295113}
}

@book{Ed2019,
    title = {{Interaction Design Practice in Contemporary Societies}},
    year = {2019},
    author = {Ed, Masaaki Kurosu and Hutchison, David},
    isbn = {9783030226350}
}

@book{Vince2011,
    title = {{Introduction to Virtual Reality}},
    year = {2011},
    author = {Vince, J.},
    pages = {163},
    publisher = {Springer London},
    url = {https://books.google.de/books?id=XIvqBwAAQBAJ},
    isbn = {978-0-85729-386-2}
}

@book{Ogunyemi2015,
    title = {{Journalism, audiences and diaspora}},
    year = {2015},
    booktitle = {Journalism, Audiences and Diaspora},
    author = {Ogunyemi, Ola},
    pages = {1--256},
    publisher = {Respective authors},
    isbn = {9781137457233},
    doi = {10.1057/9781137457233}
}

@article{Kvale1983,
    title = {{Kvale, Steinar, The Qualitative Research Interview: A Phenomenological and a Hermeneutical Mode of Understanding , Journal of Phenomenological Psychology, 14:2 (1983:Fall) p.171}},
    year = {1983},
    journal = {Qualitative Research},
    author = {Kvale, Steinar},
    number = {2},
    pages = {171},
    volume = {14}
}

@article{Qian2015,
    title = {{Linked references are available on JSTOR for this article : SPACE-FILLING}},
    year = {2015},
    author = {Qian, Peter Z G and Ai, Mingyao and Wu, C F Jeff},
    number = {6},
    pages = {3616--3643},
    volume = {37},
    doi = {10.1214/09-AOS690}
}

@article{Webb2019,
    title = {{Making Maps Available for Play : Analyzing the Design}},
    year = {2019},
    author = {Webb, Andrew M and Paris-saclay, Université},
    number = {5},
    volume = {26}
}

@book{Karmi2007,
    title = {{Married to Another Man: Israel's Dilemma in Palestine}},
    year = {2007},
    author = {Karmi, Ghada},
    pages = {328},
    publisher = {Pluto Press},
    address = {London, UK},
    isbn = {9781435690677}
}

@article{Sheridan1992,
    title = {{musing On Telepresence}},
    year = {1992},
    author = {Sheridan, Thomas B.},
    pages = {120--126}
}

@book{Sadi2007,
    title = {{Nakba: Palestine, 1948, and the Claims of Memory}},
    year = {2007},
    author = {Sa'di, A H and Abu-Lughod, L},
    series = {Cultures of History},
    publisher = {Columbia University Press},
    url = {https://books.google.de/books?id=u5oHFei_GuMC},
    isbn = {9780231509701}
}

@book{Ryan2001,
    title = {{Narrative as Virtual Reality and Electronic Media}},
    year = {2001},
    author = {Ryan, Marie-laure},
    publisher = {THE JOHNS HOPKINS UNIVERSITY PRESS 2001},
    isbn = {0801864879},
    doi = {10.1128/MMBR.65.2.208-231.2001}
}

@article{Shalhoub-Kevorkian2006,
    title = {{Negotiating the Present, Historicizing the Future}},
    year = {2006},
    journal = {American Behavioral Scientist},
    author = {Shalhoub-Kevorkian, Nadera},
    number = {8},
    pages = {1101--1124},
    volume = {49},
    doi = {10.1177/0002764205284721},
    issn = {0002-7642},
    keywords = {child, israeli, palestinian children, s agency, violence in conflict zones}
}

@article{Khalidi2016,
    title = {{Observations on the Right of Return Published by : University of California Press on behalf of the Institute for Palestine Studies Stable URL : http://www.jstor.org/stable/2537217 OBSERVATIONS ON THE RIGHT}},
    year = {2016},
    journal = {Journal of Palestine Studies, Vol. 21, No. 2 (Winter, 1992), pp. 29-40},
    author = {Khalidi, Rashid I},
    number = {2},
    pages = {29--40},
    volume = {21}
}

@article{Sanbar2007,
    title = {{Out of Place, Out of Time}},
    year = {2007},
    journal = {Mediterranean Historical Review},
    author = {Sanbar, Elias},
    number = {1},
    pages = {87--94},
    volume = {16},
    doi = {10.1080/714004568},
    issn = {0951-8967}
}

@article{Blachnicka-Ciacek2018,
    title = {{Palestine as ‘a state of mind’: second-generation Polish and British Palestinians’ search for home and belonging}},
    year = {2018},
    journal = {Journal of Ethnic and Migration Studies},
    author = {Blachnicka-Ciacek, Dominika},
    number = {11},
    pages = {1915--1931},
    volume = {44},
    publisher = {Taylor {\&} Francis},
    doi = {10.1080/1369183X.2017.1369868},
    issn = {14699451},
    keywords = {Long-distance nationalism, Palestinians, generational transmission, second generation, transnational migration}
}

@article{Blachnicka-Ciacek2018a,
    title = {{Palestine as ‘a state of mind’: second-generation Polish and British Palestinians’ search for home and belonging}},
    year = {2018},
    journal = {Journal of Ethnic and Migration Studies},
    author = {Blachnicka-Ciacek, Dominika},
    number = {11},
    pages = {1915--1931},
    volume = {44},
    publisher = {Taylor {\&} Francis},
    url = {https://doi.org/10.1080/1369183X.2017.1369868},
    doi = {10.1080/1369183X.2017.1369868},
    issn = {14699451},
    keywords = {Long-distance nationalism, Palestinians, generational transmission, second generation, transnational migration}
}

@book{Aouragh2011,
    title = {{PALESTINE ONLINE Transnationalism, the Internet and the Construction of Identity}},
    year = {2011},
    author = {Aouragh, Miriyam},
    pages = {272},
    publisher = {Published in 2011 by I.B.Tauris {\&} Co Ltd 6 Salem Road, London W2 4BU 175 Fifth Avenue, New York NY 10010 www.ibtauris.com},
    isbn = {978 1 84885 364 5}
}

@misc{DajaniDaoudi2011,
    title = {{Palestinian refugees}},
    year = {2011},
    booktitle = {The Israel-Palestine Conflict: Parallel Discourses},
    author = {Dajani Daoudi, Mohammed S.},
    pages = {36--47},
    isbn = {9780203839393},
    doi = {10.4324/9780203839393}
}

@article{Muller2003,
    title = {{Participatory design: the third space in HCI}},
    year = {2003},
    journal = {Human-computer interaction: Development process},
    author = {Muller, Michael J},
    pages = {165--185},
    volume = {4235}
}

@article{Bannon2018,
    title = {{Reimagining participatory design}},
    year = {2018},
    journal = {Interactions},
    author = {Bannon, Liam and Bardzell, Jeffrey and B{\o}dker, Susanne},
    number = {1},
    pages = {26--32},
    volume = {26},
    doi = {10.1145/3292015},
    issn = {10725520}
}

@article{Burdea2003,
    title = {{Review Paper Virtual Rehabilitation- Benefits}},
    year = {2003},
    journal = {Medical Informatics},
    author = {Burdea, Grigore},
    pages = {1--7}
}

@article{Gregory2003,
    title = {{Scandinavian Approaches to Participatory Design}},
    year = {2003},
    journal = {International Journal of Engineering Education},
    author = {Gregory, Judith and Nurminen, Markku and Orr, Julian and Robertson, Toni and Star, Susan Leigh and Suchman, Lucy},
    number = {1},
    pages = {62--74},
    volume = {19},
    doi = {http://www.ijee.dit.ie/contents/c190103.html},
    issn = {0949-149X}
}

@article{Pinotti2017,
    title = {{Self-Negating Images: Towards An-Iconology}},
    year = {2017},
    journal = {Proceedings},
    author = {Pinotti, Andrea},
    number = {10},
    pages = {856},
    volume = {1},
    doi = {10.3390/proceedings1090856},
    keywords = {an-iconology, avatar, embodiment, image theory, immediacy, immersivity, interactivity, media archaeology, presence, representation}
}

@book{Volker2013,
    title = {{Socio-Informatics.}},
    year = {2013},
    booktitle = {Oxford University Press 2018 The},
    author = {Wulf, Volker and Pipek, Volkmar and Randal, Dave and Rohde, Markus and Schmidt, Kjeld and Stevens, Gunnar},
    pages = {1--16},
    volume = {2},
    publisher = {The Oxford University Press 2018},
    url = {http://ci.nii.ac.jp/naid/110009798501/ja/},
    isbn = {0003396894},
    issn = {2187-2775}
}

@book{Young2008,
    title = {{Sources: The Encyclopedia of the Arab-Israeli Conflict: A Political, Social, and Military History}},
    year = {2008},
    booktitle = {Reference {\&} User Services Quarterly},
    author = {Young, Elizabeth A.},
    number = {2},
    pages = {197--198},
    volume = {48},
    isbn = {9781851098415},
    doi = {10.5860/rusq.48n2.197},
    issn = {1094-9054}
}

@article{Jimeno2007,
    title = {{State of the art of the virtual reality applied to design and manufacturing processes}},
    year = {2007},
    journal = {International Journal of Advanced Manufacturing Technology},
    author = {Jimeno, Antonio and Puerta, Alberto},
    number = {9-10},
    pages = {866--874},
    volume = {33},
    doi = {10.1007/s00170-006-0534-2},
    issn = {02683768},
    keywords = {Virtual environments, Virtual prototyping, Virtual reality}
}

@book{Ross2019,
    title = {{Stone Men: The Palestinians Who Built Israel}},
    year = {2019},
    author = {Ross, Andrew},
    pages = {328},
    publisher = {Verso},
    address = {London, UK},
    isbn = {978-1-78873-029-7}
}

@book{Bell1976,
    title = {{Terror Out of Zion}},
    year = {1976},
    author = {Bell, J B},
    publisher = {St. Martin's Press},
    url = {https://books.google.de/books?id=Df_2trrOLPAC},
    isbn = {9781412835725}
}

@article{Pappe2006,
    title = {{The 1948 Ethnic Cleansing of Palestine}},
    year = {2006},
    journal = {Journal Of Palestine Studies},
    author = {Papp{\'{e}}, Ilan},
    number = {1},
    pages = {83--99},
    volume = {31},
    url = {http://www.ciaonet.org/journals/jps/v40i2/}
}

@book{KemmisSdanMcTaggart1988,
    title = {{The Action Research Planner, 3rd edn}},
    year = {1988},
    booktitle = {Deakin University},
    author = {Kemmis, S dan McTaggart, R.},
    publisher = {Springer Singapore Heidelberg New York Dordrecht London},
    isbn = {9789814560665}
}

@book{Morris2004,
    title = {{The Birth of the Palestinian Refugee Problem Revisited}},
    year = {2004},
    author = {Morris, Benny},
    pages = {640},
    publisher = {Cambridge University Press},
    isbn = {9780521811200}
}

@article{Oh2019,
    title = {{The Effects of Immersion and Real-World Distractions on Virtual Social Interactions}},
    year = {2019},
    journal = {Cyberpsychology, Behavior, and Social Networking},
    author = {Oh, Catherine and Herrera, Fernanda and Bailenson, Jeremy},
    number = {6},
    pages = {365--372},
    volume = {22},
    doi = {10.1089/cyber.2018.0404},
    issn = {2152-2715},
    keywords = {breaks in presence, distraction, immersion, limited capacity model of, media multitasking, moti-, social virtual reality, social virtual reality,breaks in presence,immersio, vated mediated message processing}
}

@book{Parsons2009,
    title = {{The Ethnic Cleansing of Palestine}},
    year = {2009},
    booktitle = {Comparative Studies of South Asia, Africa and the Middle East},
    author = {Parsons, L.},
    number = {3},
    pages = {585--586},
    volume = {29},
    isbn = {9781851684670},
    doi = {10.1215/1089201x-2009-042},
    issn = {1089-201X}
}

@article{Anyan2013,
    title = {{The influence of power shifts in data collection and analysis stages: A focus on qualitative research interview}},
    year = {2013},
    journal = {Nsuworks.Nova.Edu},
    author = {Anyan, F},
    number = {18},
    pages = {1--9},
    volume = {18},
    url = {http://nsuworks.nova.edu/cgi/viewcontent.cgi?article=1525&context=tqr/}
}

@book{Shlaim2014,
    title = {{The Iron Wall: Israel and the Arab World}},
    year = {2014},
    author = {Shlaim, Avi},
    pages = {960},
    publisher = {Norton Paperback},
    isbn = {9780393346862}
}

@article{Joronen2019,
    title = {{The moment to come: geographies of hope in the hyperprecarious sites of occupied Palestine}},
    year = {2019},
    journal = {Geografiska Annaler, Series B: Human Geography},
    author = {Joronen, Mikko and Griffiths, Mark},
    number = {2},
    pages = {69--83},
    volume = {101},
    publisher = {Taylor {\&} Francis},
    url = {https://doi.org/10.1080/04353684.2019.1569473},
    doi = {10.1080/04353684.2019.1569473},
    issn = {14680467},
    keywords = {Palestine, hope, kairos, precarity, topology, waiting}
}

@article{Houdaille2010,
    title = {{The Population of Palestine Author ( s ): Youssef Courbage Source : Population : An English Selection , Vol . 7 ( 1995 ), pp . 210-224 Published by : Institut National d ' {\'{E}}tudes D{\'{e}}mographiques Stable URL : http://www.jstor.org/stable/2949065}},
    year = {2010},
    journal = {English},
    author = {Houdaille, Jacques},
    number = {1995},
    pages = {210--224},
    volume = {7}
}

@book{Heller1995,
    title = {{The Stern Gang: Ideology, Politics and Terror, 1940-1949}},
    year = {1995},
    author = {Heller, Joseph},
    pages = {389},
    publisher = {Routledge},
    address = {London, UK},
    isbn = {9780714645582}
}

@article{Mutterlein2018,
    title = {{The Three Pillars of Virtual Reality? Investigating the Roles of Immersion, Presence, and Interactivity}},
    year = {2018},
    journal = {Proceedings of the 51st Hawaii International Conference on System Sciences},
    author = {M{\"{u}}tterlein, Joschka},
    number = {January},
    isbn = {9780998133119},
    doi = {10.24251/hicss.2018.174}
}

@article{VanWaes2000,
    title = {{Thinking aloud as a method for testing the usability of websites: The influence of task variation on the evaluation of hypertext}},
    year = {2000},
    journal = {IEEE Transactions on Professional Communication},
    author = {Van Waes, Luuk},
    number = {3},
    pages = {279--291},
    volume = {43},
    doi = {10.1109/47.867944},
    issn = {03611434}
}

@article{Jrgensen1990,
    title = {{Thinking-aloud in user interface design: A method promoting cognitive ergonomics}},
    year = {1990},
    journal = {Ergonomics},
    author = {J{\o}rgensen, Anker Helms},
    number = {4},
    pages = {501--507},
    volume = {33},
    doi = {10.1080/00140139008927157},
    issn = {13665847},
    keywords = {Evaluation method, Thinking-aloud, Usability engineering, User interfaces}
}

@book{William,
    title = {{Understanding Virtual Reality: Interface, Application, and Design}},
    year = {2003},
    booktitle = {Understanding Virtual Reality: Interface, Application, and Design},
    author = {Sherman, William R. and Craig, Alan B.},
    pages = {1--580},
    publisher = {Elsevier},
    isbn = {9781558603530},
    doi = {10.1162/105474603322391668},
    issn = {1054-7460},
    pmid = {12786831},
    arxivId = {arXiv:1011.1669v3}
}

@article{Wildeman2014,
    title = {{Unwilling to Change, Determined to Fail: Donor Aid in Occupied Palestine in the aftermath of the Arab Uprisings}},
    year = {2014},
    journal = {Mediterranean Politics},
    author = {Wildeman, Jeremy and Tartir, Alaa},
    number = {3},
    pages = {431--449},
    volume = {19},
    doi = {10.1080/13629395.2014.967014},
    issn = {17439418}
}

@article{Jayaram1997,
    title = {{Virtual assembly using virtual reality techniques}},
    year = {1997},
    journal = {CAD Computer Aided Design},
    author = {Jayaram, Sankar and Connacher, Hugh I. and Lyons, Kevin W.},
    number = {8},
    pages = {575--584},
    volume = {29},
    doi = {10.1016/S0010-4485(96)00094-2},
    issn = {00104485},
    keywords = {Design by manufacture, Path planning, Virtual assembly, Virtual manufacturing, Virtual prototyping, Virtual reality}
}

@article{Abulrub2011,
    title = {{Virtual reality in engineering education: The future of creative learning}},
    year = {2011},
    journal = {International Journal of Emerging Technologies in Learning},
    author = {Abulrub, A. G. and Attridge, A. and Williams, M. A.},
    number = {4},
    pages = {4--11},
    volume = {6},
    publisher = {IEEE},
    isbn = {9781612846439},
    doi = {10.3991/ijet.v6i4.1766},
    issn = {18688799},
    keywords = {3D visualisation, Education, Engineering, Interactive, Virtual reality}
}

@book{Fisher2002,
    title = {{Virtual Reality in Geography}},
    year = {2002},
    author = {Fisher, Peter and Unwin, David},
    pages = {404},
    publisher = {Taylor {\&} Francis},
    address = {New York, NY, USA},
    isbn = {020330585X}
}

@book{burdea2017virtual,
    title = {{Virtual Reality Technology}},
    year = {2017},
    author = {Burdea, G C and Coiffet, P},
    series = {Wiley - IEEE},
    publisher = {Wiley},
    url = {https://books.google.de/books?id=hMQ8DwAAQBAJ},
    isbn = {9781119485728}
}

@article{Aguinas2004,
    title = {{Virtual Reality Technology: A New Tool for Personnel Selection}},
    year = {2004},
    journal = {International Journal of Selection and Assessment},
    author = {Aguinas, Herman and Henle, Christine A. and Beaty Jr., James C.},
    number = {1{\&}2},
    pages = {70--83},
    volume = {9},
    doi = {10.1111/1468-2389.00164},
    issn = {0965-075X}
}

@article{Ks2009,
    title = {{Virtual reality training for surgical trainees in laparoscopic surgery}},
    year = {2013},
    journal = {Cochrane Database of Systematic Reviews},
    author = {Nagendran, Myura and Gurusamy, Kurinchi Selvan and Aggarwal, Rajesh and Loizidou, Marilena and Davidson, Brian R.},
    number = {8},
    pages = {1--59},
    volume = {2013},
    doi = {10.1002/14651858.CD006575.pub3},
    issn = {1469493X}
}

@article{Pletinckx2000,
    title = {{Virtual-reality heritage presentation at Ename}},
    year = {2000},
    journal = {IEEE Multimedia},
    author = {Pletinckx, Daniel and Callebaut, Dirk and Killebrew, Ann E. and Silberman, Neil A.},
    number = {2},
    pages = {45--48},
    volume = {7},
    doi = {10.1109/93.848427},
    issn = {1070986X}
}

@article{Falah1996,
    title = {{War and its Aftermath : The Transformation and Designification of Palestine’s Cultural Landscape}},
    year = {1996},
    journal = {Annafs of the Association of American Geographers 86(2):256-285},
    author = {Falah, Ghazi},
    pages = {256--285},
    volume = {86}
}

@misc{201711Developers,
    title = {{11 Tools for VR Developers}},
    year = {2017},
    booktitle = {lullabot.com},
    url = {https://www.lullabot.com/articles/11-tools-for-vr-developers}
}

@misc{Unseld20155Lost,
    title = {{5 Lessons Learned While Making Lost}},
    year = {2015},
    booktitle = {Occulus Story Studio},
    author = {Unseld, Saschka},
    pages = {1},
    url = {https://storystudio.oculus.com/en-us/blog/5-lessons-learned-while-making-lost/}
}

@article{Khanna2007AllResearch,
    title = {{All you need to know about action research}},
    year = {2007},
    journal = {Forum Qualitative Sozialforschung},
    author = {Khanna, Sunil},
    number = {3},
    volume = {8},
    doi = {10.1111/j.1365-2648.2007.04363.x},
    issn = {14385627},
    keywords = {Action research, Data collection techniques, Dissemination, Monitoring practice, Validation}
}

@article{Durante2015AttackConflict,
    title = {{Attack When the World is Not Watching? International Media and the Israeli-Palestinian Conflict}},
    year = {2015},
    journal = {SSRN Electronic Journal},
    author = {Durante, Ruben and Zhuravskaya, Ekaterina},
    doi = {10.2139/ssrn.2566741}
}

@article{Estupinan2014CanStudy,
    title = {{Can virtual reality increase emotional responses (Arousal and Valence)? a pilot study}},
    year = {2014},
    journal = {Lecture Notes in Computer Science (including subseries Lecture Notes in Artificial Intelligence and Lecture Notes in Bioinformatics)},
    author = {Estupi{\~{n}}{\'{a}}n, Sergio and Rebelo, Francisco and Noriega, Paulo and Ferreira, Carlos and Duarte, Emília},
    number = {PART 2},
    pages = {541--549},
    volume = {8518 LNCS},
    isbn = {9783319076256},
    doi = {10.1007/978-3-319-07626-3{\_}51},
    issn = {16113349},
    keywords = {Emotions, Head Mounted Display, User Experience, Virtual Reality, arousal, learning, phobias, valence}
}

@misc{Amadeo2016DaydreamTechnica,
    title = {{Daydream VR hands-on: Google’s “dumb” VR headset is actually very clever | Ars Technica}},
    year = {2016},
    booktitle = {Ars Technica},
    author = {Amadeo, Ron},
    url = {https://arstechnica.com/gadgets/2016/10/daydream-vr-hands-on-googles-dumb-vr-headset-is-actually-very-clever/}
}

@article{Pausch1996DisneysReality,
    title = {{Disney's Aladdin: First steps toward storytelling in virtual reality}},
    year = {1996},
    journal = {Proceedings of the 23rd Annual Conference on Computer Graphics and Interactive Techniques, SIGGRAPH 1996},
    author = {Pausch, Randy and Snoddy, Jon and Taylor, Robert and Watson, Scott and Haseltine, Eric},
    pages = {193--203},
    isbn = {0897917464},
    doi = {10.1145/237170.237257}
}

@article{Yamashita2011Emotion-orientedInteraction,
    title = {{Emotion-oriented human-computer interaction}},
    year = {2011},
    journal = {Emotional Engineering: Service Development},
    author = {Yamashita, Toshiyuki and Eibo, Ahmad and Ichimura, Takumi and Mera, Kazuya},
    number = {5},
    pages = {207--221},
    isbn = {9781849964227},
    doi = {10.1007/978-1-84996-423-4{\_}11},
    keywords = {application scope is that, consultants, industry, of, out to and involving, researchers and designers from, result in artifacts whose, their projects may, which is also reaching}
}

@article{Marsh1999EvaluationUsability,
    title = {{Evaluation of virtual reality systems for usability}},
    year = {1999},
    journal = {Human Computer Interaction Group},
    author = {Marsh, Timothy},
    number = {May},
    pages = {61},
    volume = {1},
    isbn = {1581131585},
    doi = {10.1145/632751.632756},
    keywords = {3d virtual interface, evaluation, usability, virtual reality}
}

@article{Aouragh2008Everyday:,
    title = {{Everyday resistance on the internet :}},
    year = {2008},
    author = {Aouragh, Miriyam},
    number = {2},
    pages = {109--130},
    volume = {1},
    doi = {10.1386/jammr.1.2.109/1}
}

@article{Buchenau2000ExperiencePrototyping,
    title = {{Experience prototyping}},
    year = {2000},
    journal = {Proceedings of the Conference on Designing Interactive Systems: Processes, Practices, Methods, and Techniques, DIS},
    author = {Buchenau, Marion and Suri, Jane Fulton},
    pages = {424--433},
    isbn = {1581132190},
    doi = {10.4018/978-1-4666-4623-0.ch011},
    keywords = {design, experience, methods, prototyping}
}

@article{Maxwell2005ForComputer,
    title = {{for Evaluating Computer}},
    year = {2005},
    journal = {Healthcare Information System},
    author = {Maxwell, J.A. and Kaplan, Bonnie},
    pages = {30--56},
    isbn = {0387303294},
    doi = {10.1007/0-387-30329-4},
    issn = {0387245588}
}

@book{Cline2018FusionFabrication,
    title = {{Fusion 360 for Makers: Design Your Own Digital Models for 3D Printing and CNC Fabrication}},
    year = {2018},
    author = {Cline, L S},
    publisher = {Maker Media, Incorporated},
    url = {https://books.google.de/books?id=NKxaDwAAQBAJ},
    isbn = {9781680453522}
}

@misc{Prasuethsut2014GoogleReview,
    title = {{Google Cardboard review}},
    year = {2014},
    booktitle = {Techradar},
    author = {Prasuethsut, Lily},
    url = {http://www.techradar.com/reviews/wearables/google-cardboard-1287573/review}
}

@phdthesis{Kim2005GraphicalEnvironments,
    title = {{Graphical Menus for Virtual Environments Evaluation of Graphical User Interfaces for Immersive Environments}},
    year = {2005},
    author = {Kim, Taek-Bong and M{\"{u}}ller, Stefan},
    number = {July},
    volume = {1},
    school = {Institute for Graphic Interfaces}
}

@article{Rohde2017GroundedPerspective,
    title = {{Grounded Design-a praxeological IS research perspective}},
    year = {2017},
    journal = {Journal of Information Technology},
    author = {Rohde, Markus and Br{\"{o}}dner, Peter and Stevens, Gunnar and Betz, Matthias and Wulf, Volker},
    number = {2},
    pages = {163--179},
    volume = {32},
    doi = {10.1057/jit.2016.5},
    issn = {14664437},
    keywords = {Design case study, Grounded theory, IS design research, Praxeology, Socio-Technical systems}
}

@misc{Hiner2016HowTechRepublic,
    title = {{How Timescope's public VR terminal can show the past or future of a significant site - TechRepublic}},
    year = {2016},
    author = {Hiner, Jason},
    url = {https://www.techrepublic.com/article/how-timescopes-public-vr-terminal-can-show-the-past-or-future-of-a-significant-site/}
}

@article{Markowitz2018ImmersiveChange,
    title = {{Immersive Virtual Reality field trips facilitate learning about climate change}},
    year = {2018},
    journal = {Frontiers in Psychology},
    author = {Markowitz, David M. and Laha, Rob and Perone, Brian P. and Pea, Roy D. and Bailenson, Jeremy N.},
    number = {NOV},
    volume = {9},
    doi = {10.3389/fpsyg.2018.02364},
    issn = {16641078},
    keywords = {Climate change education, Education, Immersive virtual reality, Learning, Ocean acidification}
}

@article{Ponder2003ImmersiveTraining,
    title = {{Immersive VR decision training}},
    year = {2003},
    journal = {Eurographics Assoc},
    author = {Ponder, Michal and Herbelin, Bruno and Molet, Tom and Schertenlieb, Sebastien and Ulicny, Branislav and Papagiannakis, George and Magnenat-Thalmann, Nadia and Thalmann, Daniel},
    pages = {97--106},
    doi = {10.1145/769953.769965},
    keywords = {3, 6, 7, according to acm css, categories and subject descriptors, decision training, i, immersive vr, interaction techniques, interactive storytelling, methodology and techniques, simulation and model-, three-dimensional graphics and realism, virtual human simulation, virtual reality}
}

@article{Rahaman2011InterpretingPerspective,
    title = {{Interpreting digital heritage: A conceptual model with end-users' perspective}},
    year = {2011},
    journal = {International Journal of Architectural Computing},
    author = {Rahaman, Hafizur and Tan, Beng Kiang},
    number = {1},
    pages = {100--113},
    volume = {9},
    isbn = {1581138458},
    doi = {10.1260/1478-0771.9.1.99},
    issn = {14780771},
    keywords = {augmented reality, cultural, virtual reality, vrml}
}

@article{Baus2014MovingReview,
    title = {{Moving from virtual reality exposure-based therapy to augmented reality exposure-based therapy: A review}},
    year = {2014},
    journal = {Frontiers in Human Neuroscience},
    author = {Baus, Oliver and Bouchard, Stéphane},
    number = {MAR},
    pages = {1--15},
    volume = {8},
    doi = {10.3389/fnhum.2014.00112},
    issn = {16625161},
    keywords = {Augmented reality, Exposure therapy, Phobia, Synthetic environments, Virtual reality}
}

@article{Friedman2004NavigatingSteps,
    title = {{Navigating Virtual Reality by Thought: First Steps}},
    year = {2004},
    journal = {Presence 2004: The 7th Annual International Workshop on Presence},
    author = {Friedman, D and Leeb, R and Antley, A and Garau, M and Guger, C and Keinrath, C and Steed, A and Pfurtscheller, G and Slater, M},
    number = {January},
    pages = {160--167},
    volume = {1},
    url = {http://discovery.ucl.ac.uk/79951/}
}

@article{Wolfinger2002OnExpectancies,
    title = {{On writing fieldnotes: Collection strategies and background expectancies}},
    year = {2002},
    journal = {Qualitative Research},
    author = {Wolfinger, Nicholas H.},
    number = {1},
    pages = {85--93},
    volume = {2},
    doi = {10.1177/1468794102002001640},
    issn = {14687941},
    keywords = {ethnographic methods, field notes, qualitative methods}
}

@article{Padmanaban2017OptimizingDisplays,
    title = {{Optimizing virtual reality for all users through gaze-contingent and adaptive focus displays}},
    year = {2017},
    journal = {Proceedings of the National Academy of Sciences of the United States of America},
    author = {Padmanaban, Nitish and Konrad, Robert and Stramer, Tal and Cooper, Emily A. and Wetzstein, Gordon},
    number = {9},
    pages = {2183--2188},
    volume = {114},
    doi = {10.1073/pnas.1617251114},
    issn = {10916490},
    keywords = {3D vision, Augmented reality, Computational optics, Virtual reality, Vision correction}
}

@book{Lazar2017ResearchInteraction,
    title = {{Research Methods in Human-Computer Interaction}},
    year = {2017},
    author = {Lazar, J and Feng, J H and Hochheiser, H},
    publisher = {Elsevier Science},
    url = {https://books.google.de/books?id=hbkxDQAAQBAJ},
    isbn = {9780128093436}
}

@article{Hanafi2005ReshapingMedia,
    title = {{Reshaping geography: Palestinian community networks in Europe and the new media}},
    year = {2005},
    journal = {Journal of Ethnic and Migration Studies},
    author = {Hanafi, Sari},
    number = {3},
    pages = {581--598},
    volume = {31},
    doi = {10.1080/13691830500058703},
    issn = {1369183X},
    keywords = {Cyberspace, Homeland, New media, Palestine, Palestinian diaspora}
}

@article{Chang2019StereotypeOutcomes,
    title = {{Stereotype Threat in Virtual Learning Environments: Effects of Avatar Gender and Sexist Behavior on Women's Math Learning Outcomes}},
    year = {2019},
    journal = {Cyberpsychology, Behavior, and Social Networking},
    author = {Chang, Felix and Luo, Mufan and Walton, Gregory and Aguilar, Lauren and Bailenson, Jeremy},
    number = {10},
    pages = {1--7},
    volume = {22},
    doi = {10.1089/cyber.2019.0106},
    issn = {2152-2715},
    keywords = {gender, social identity, stereotype threat, virtual learning, virtual reality}
}

@article{Boulus-Rdje2018StuckSite,
    title = {{Stuck With My Body at Qalandiya Checkpoint: Reflections Upon Conducting Fieldwork in an Uncertain Field Site}},
    year = {2018},
    journal = {Stuck With My Body at Qalandiya Checkpoint: Reflections Upon Conducting Fieldwork in an Uncertain Field Site},
    author = {Boulus-R{\o}dje, Nina},
    isbn = {9781526437839},
    doi = {10.4135/9781526437839}
}

@article{Gugenheimer2016SwiVRChair:Reality,
    title = {{SwiVRChair: A motorized swivel chair to nudge users' orientation for 360 degree storytelling in virtual reality}},
    year = {2016},
    journal = {Conference on Human Factors in Computing Systems - Proceedings},
    author = {Gugenheimer, Jan and Wolf, Dennis and Haas, Gabriel and Krebs, Sebastian and Rukzio, Enrico},
    number = {September 2018},
    pages = {1996--2000},
    volume = {1},
    isbn = {9781450333627},
    doi = {10.1145/2858036.2858040},
    keywords = {360 degree storytelling, 360 degree video, Consumer virtual reality, SwiVRChair, Virtual environments, Virtual reality}
}

@misc{2015SyrianReality,
    title = {{Syrian Refugee Crisis – UN Virtual Reality}},
    year = {2015},
    booktitle = {sdgactioncampaign.org},
    url = {http://unvr.sdgactioncampaign.org/cloudsoversidra/}
}

@misc{TheWorld,
    title = {{The best 360 cameras: these cameras can shoot panoramas, 360 video and even 3D | Digital Camera World}},
    url = {https://www.digitalcameraworld.com/buying-guides/best-360-cameras}
}

@article{Hayes2011TheInteraction,
    title = {{The relationship of action research to human-computer interaction}},
    year = {2011},
    journal = {ACM Transactions on Computer-Human Interaction},
    author = {Hayes, Gillian R.},
    number = {3},
    pages = {1--20},
    volume = {18},
    doi = {10.1145/1993060.1993065},
    issn = {10730516},
    keywords = {Action Research, Collaborative inquiry}
}

@article{Mine2003TowardsStudio,
    title = {{Towards Virtual Reality for the masses: 10 years of research at Disney's VR Studio}},
    year = {2003},
    journal = {Proceedings of the Workshop on Virtual Environments, EGVE'03},
    author = {Mine, Mark},
    pages = {11--17},
    isbn = {1581136862},
    doi = {10.1145/769953-769955},
    keywords = {Interaction techniques, Location-based entertainment, Storytelling, Virtual Reality}
}

@article{Bastanlar2007UserTours,
    title = {{User behaviour in web-based interactive virtual tours}},
    year = {2007},
    journal = {Proceedings of the International Conference on Information Technology Interfaces, ITI},
    author = {Bastanlar, Yalin},
    pages = {221--226},
    isbn = {9789537138097},
    doi = {10.1109/ITI.2007.4283774},
    issn = {13301012},
    keywords = {Navigation, Panoramic image, Think-aloud protocol, Usability, User behaviour, Web-based virtual tour}
}

@article{Kim2014UsingDevelopment,
    title = {{Using Unity 3D to facilitate mobile augmented reality game development}},
    year = {2014},
    journal = {2014 IEEE World Forum on Internet of Things, WF-IoT 2014},
    author = {Kim, Sung Lae and Suk, Hae Jung and Kang, Jeong Hwa and Jung, Jun Mo and Laine, Teemu H. and Westlin, Joonas},
    pages = {21--26},
    doi = {10.1109/WF-IoT.2014.6803110},
    keywords = {augmented reality, exercise, game engine, mobile game, usabilty}
}

@book{Pannafino2017UXMethods,
    title = {{UX Methods: A Quick Guide to User Experience Research Methods}},
    year = {2017},
    author = {Pannafino, J and McNeil, P},
    publisher = {CDUXP LLC},
    url = {https://books.google.de/books?id=lZOBtQEACAAJ},
    isbn = {9780692972717}
}

@article{Shriram2017VirtualBehavior,
    title = {{Virtual reality and prosocial behavior}},
    year = {2017},
    journal = {Social Signal Processing},
    author = {Shriram, Ketaki and Oh, Soon Youn and Bailenson, Jeremy},
    pages = {304--316},
    isbn = {9781316676202},
    doi = {10.1017/9781316676202.022}
}

@article{Bamodu2013VirtualComponents,
    title = {{Virtual reality and virtual reality system components}},
    year = {2013},
    journal = {Advanced Materials Research},
    author = {Bamodu, Oluleke and Ye, Xu Ming},
    pages = {1169--1172},
    volume = {765-767},
    isbn = {9783037857984},
    doi = {10.4028/www.scientific.net/AMR.765-767.1169},
    issn = {10226680},
    keywords = {Hardware, Software, VR, VR engine, Virtual reality, Virtual reality system}
}

@article{Getso2018VirtualLearning,
    title = {{Virtual Reality in Education: the Future of Learning}},
    year = {2018},
    journal = {International Journal of Information Systems and Engineering},
    author = {Getso, Muhammad Mannir Ahmad and Bakon, Kinn Abass},
    number = {2},
    pages = {30--39},
    volume = {5},
    doi = {10.24924/ijise/2017.11/v5.iss2/30.39}
}

@article{VanWyk2009VirtualIndustry,
    title = {{Virtual reality training applications for the mining industry}},
    year = {2009},
    journal = {Proceedings of AFRIGRAPH 2009: 6th International Conference on Computer Graphics, Virtual Reality, Visualisation and Interaction in Africa},
    author = {Van Wyk, Etienne and De Villiers, Ruth},
    number = {212},
    pages = {53--64},
    volume = {1},
    isbn = {9781605584287},
    doi = {10.1145/1503454.1503465},
    keywords = {Mining training applications, Realism, Safety training, Virtual reality}
}

@inproceedings{Darcy2003VirtualStorytelling,
    title = {{Virtual StoryTelling: A Methodology for Developing Believable Communication Skills in Virtual Actors BT - Virtual Storytelling. Using Virtual RealityTechnologies for Storytelling}},
    year = {2003},
    booktitle = {Virtual Storytelling; Using Virtual Reality Technologies for Storytelling},
    author = {Darcy, Sandrine and Dudgdale, Julie and El Jed, Mehdi and Pallamin, Nico and Pavard, Bernard},
    editor = {Balet, Olivier and Subsol, Gérard and Torguet, Patrice},
    pages = {78--81},
    publisher = {Springer Berlin Heidelberg},
    address = {Berlin, Heidelberg},
    isbn = {978-3-540-40014-1}
}

@book{Balet2003VirtualProceedings,
    title = {{Virtual Storytelling; Using Virtual Reality Technologies for Storytelling: Second International Conference, ICVS 2003, Toulouse, France, November 20-21, 2003, Proceedings}},
    year = {2003},
    author = {Balet, O and {ICVS.} and Subsol, G and Torguet, P and Storytelling, I C V and Department, Communications et Systèmes Group. Virtual Reality and (GT-RV), French Working Group on Virtual Reality},
    number = {v. 2},
    series = {Lecture Notes in Computer Science},
    publisher = {Springer},
    url = {https://books.google.de/books?id=0TA_G3rPyOYC},
    isbn = {9783540205357}
}

@article{Houde1997WhatPrototype,
    title = {{What do Prototypes Prototype?}},
    year = {1997},
    journal = {Handbook of Human-Computer Interaction},
    author = {Houde, Stephanie and Hill, Charles},
    pages = {367--381},
    doi = {10.1016/b978-044481862-1.50082-0}
}

@article{Rapport1991WritingField,
    title = {{Writing Fieldnotes: The Conventionalities of Note-Taking and Taking Note in the Field}},
    year = {1991},
    journal = {Anthropology Today},
    author = {Rapport, Nigel},
    number = {1},
    pages = {10},
    volume = {7},
    doi = {10.2307/3032670},
    issn = {0268540X}
}

@misc{Lydia_Sloan_Cline_Fusion_360_for_Makers__Design_z-lib,
    title = {{[Lydia{\_}Sloan{\_}Cline]{\_}Fusion{\_}360{\_}for{\_}Makers{\_}{\_}Design{\_}(z-lib}}
}